timestamp,mode,direction,conviction,composite,score,tier,kelly_fraction,size_pct,hmm_regime,hmm_conf,fart_price,btc_price,avg_funding,session,alerts_n,outcome_4h,hit
2026-04-25T16:20:00.133674+00:00,light,FLAT,N/A,0.1069,15,PASS,0.0,0,HAKAI,0.95,0.198267,77684.59,0.217725,NYC,0,,
2026-04-25T20:39:58.767310+00:00,light,FLAT,N/A,0.1069,23,PASS,0.0,0,HAKAI,0.95,0.198267,77684.59,0.213584,NYC,1,,
2026-04-25T20:40:42.499790+00:00,light,FLAT,N/A,0.1069,23,PASS,0.0,0,HAKAI,0.95,0.198267,77684.59,0.213584,NYC,0,,
2026-04-25T20:41:54.321363+00:00,full,FLAT,N/A,0.015,0,BLOCKED (SESSION),0.0,0,HAKAI,0.95,0.196312,77420.25,0.213582,NYC,0,,
2026-04-25T21:26:55.983339+00:00,light,FLAT,N/A,0.015,30,BLOCKED (SESSION),0.02,0,HAKAI,0.95,0.196312,77420.25,0.213546,Late NYC,0,,
2026-04-25T21:27:30.309846+00:00,light,FLAT,N/A,0.015,30,BLOCKED (SESSION),0.02,0,HAKAI,0.95,0.196312,77420.25,0.213528,Late NYC,0,,
2026-04-25T21:27:52.592766+00:00,light,FLAT,N/A,0.015,30,BLOCKED (SESSION),0.02,0,HAKAI,0.95,0.196312,77420.25,0.213528,Late NYC,0,,
2026-04-25T21:32:14.767888+00:00,light,FLAT,N/A,0.015,30,BLOCKED (SESSION),0.02,0,HAKAI,0.95,0.196312,77420.25,0.213541,Late NYC,0,,
2026-04-25T21:59:45.733679+00:00,light,FLAT,N/A,0.015,30,BLOCKED (SESSION),0.02,0,HAKAI,0.95,0.196312,77420.25,0.213267,Late NYC,0,,
2026-04-25T22:55:01.974632+00:00,light,FLAT,N/A,0.015,30,BLOCKED (SESSION),0.02,0,HAKAI,0.95,0.196312,77420.25,0.213295,Late NYC,0,,
2026-04-26T05:01:20.806870+00:00,light,FLAT,N/A,0.015,30,BLOCKED (SESSION),0.02,0,HAKAI,0.95,0.196312,77420.25,0.212446,Asia,1,,
2026-04-26T05:05:59.926444+00:00,light,FLAT,N/A,0.015,30,BLOCKED (SESSION),0.02,0,HAKAI,0.95,0.196312,77420.25,0.212433,Asia,0,,
2026-04-26T05:58:06.445334+00:00,light,FLAT,N/A,0.015,30,BLOCKED (SESSION),0.02,0,HAKAI,0.95,0.196312,77420.25,0.212374,Asia,0,,
2026-04-26T16:33:00.960859+00:00,light,FLAT,N/A,0.015,30,BLOCKED (SESSION),0.02,0,HAKAI,0.95,0.196312,77420.25,0.214874,NYC,0,,
2026-04-26T16:35:19.848331+00:00,full,FLAT,N/A,0.0513,0,PASS,0.0,0,HAKAI,0.95,0.201229,78079.93,0.215102,NYC,0,,
2026-04-26T16:38:07.328741+00:00,full,FLAT,N/A,0.051,0,PASS,0.0,0,HAKAI,0.95,0.201309,78059.99,0.215044,NYC,0,,
2026-04-27T15:54:21.850161+00:00,full,FLAT,N/A,0.1409,91,FULL SEND,0.587,58,HAKAI,0.95,0.195492,76825.46,0.218407,NYC,4,,
2026-04-27T15:56:31.622003+00:00,full,FLAT,N/A,0.1414,91,FULL SEND,0.587,58,HAKAI,0.95,0.195469,76800.33,0.218389,NYC,0,,
2026-04-27T16:22:43.478127+00:00,full,FLAT,N/A,0.1293,30,PASS,0.0,0,HAKAI,0.95,0.195457,76784.98,0.217833,NYC,0,,
2026-04-27T16:32:50.534672+00:00,light,FLAT,N/A,0.1293,25,BLOCKED,0.0,0,HAKAI,0.95,0.195457,76784.98,0.217134,NYC,0,,
2026-04-27T19:49:37.419992+00:00,light,FLAT,N/A,0.1293,25,BLOCKED,0.0,0,HAKAI,0.95,0.195457,76784.98,0.218216,NYC,0,,
2026-04-27T19:50:51.307790+00:00,full,FLAT,N/A,0.0842,25,BLOCKED,0.0,0,HAKAI,0.95,0.194263,76780.35,0.218216,NYC,1,,
2026-04-27T19:54:41.229887+00:00,full,FLAT,N/A,0.0831,25,BLOCKED,0.0,0,HAKAI,0.95,0.194458,76819.87,0.217596,NYC,1,,
2026-04-28T04:01:47.861951+00:00,full,FLAT,N/A,0.0278,25,BLOCKED,0.0,0,HAKAI,0.95,0.198858,76804.1,0.2208,Asia,2,,
2026-04-28T04:12:12.613710+00:00,full,FLAT,N/A,0.0253,25,BLOCKED,0.003,0,HAKAI,0.95,0.199119,76820.79,0.220909,Asia,0,,
2026-04-28T23:02:38.110858+00:00,full,FLAT,N/A,-0.0202,23,BLOCKED,0.0,0,HAKAI,0.95,0.204953,76204.46,0.227341,Late NYC,3,,
2026-04-29T05:08:47.105048+00:00,light,FLAT,N/A,-0.0202,23,BLOCKED,0.0,0,HAKAI,0.95,0.204953,76204.46,0.226836,Asia,3,,
2026-04-29T08:22:56.490356+00:00,light,FLAT,N/A,-0.0202,25,BLOCKED,0.0,0,HAKAI,0.95,0.204953,76204.46,1.001578,London,3,,
2026-04-29T14:02:22.812301+00:00,full,FLAT,N/A,0.0578,25,BLOCKED,0.022,0,HAKAI,0.95,0.20508,76703.17,0.513384,NYC,2,,
2026-04-29T19:44:00.494681+00:00,full,FLAT,N/A,0.1078,25,BLOCKED,0.064,0,HAKAI,0.95,0.193242,75414.09,0.216179,NYC,2,,
2026-04-29T22:36:03.090965+00:00,full,FLAT,N/A,0.0398,25,BLOCKED,0.04,0,HAKAI,0.95,0.197544,75900.77,-0.190167,Late NYC,2,,
2026-04-29T23:19:13.237718+00:00,full,FLAT,N/A,0.007,25,BLOCKED,0.072,0,HAKAI,0.95,0.197256,75897.67,-0.042077,Late NYC,0,,
2026-04-29T23:20:38.805155+00:00,full,FLAT,N/A,0.007,25,BLOCKED,0.072,0,HAKAI,0.95,0.197256,75897.67,-0.042077,Late NYC,0,,
2026-04-30T00:36:31.115935+00:00,full,FLAT,N/A,0.0117,25,BLOCKED,0.102,0,HAKAI,0.95,0.197696,75923.05,0.146419,Asia,0,,
2026-04-30T00:37:53.170867+00:00,full,FLAT,N/A,0.0117,25,BLOCKED,0.102,0,HAKAI,0.95,0.197696,75923.05,0.164871,Asia,0,,
2026-04-30T15:36:19.021171+00:00,full,FLAT,N/A,0.0729,25,BLOCKED,0.0,0,HAKAI,0.95,0.198734,76453.25,0.089905,NYC,3,,
2026-04-30T15:37:39.912628+00:00,full,FLAT,N/A,0.0729,25,BLOCKED,0.0,0,HAKAI,0.95,0.198734,76453.25,0.089905,NYC,0,,
2026-04-30T15:38:59.504040+00:00,full,FLAT,N/A,0.0738,25,BLOCKED,0.0,0,HAKAI,0.95,0.19851,76377.24,0.089946,NYC,0,,
2026-05-01T17:12:26.735317+00:00,full,FLAT,N/A,0.0313,25,BLOCKED,0.086,0,HAKAI,0.95,0.206366,78189.88,0.217697,NYC,2,,
2026-05-01T17:13:45.848206+00:00,full,FLAT,N/A,0.0313,25,BLOCKED,0.086,0,HAKAI,0.95,0.206366,78189.88,0.217727,NYC,0,,
2026-05-01T22:02:25.604026+00:00,full,FLAT,N/A,0.0545,25,BLOCKED,0.114,0,HAKAI,0.95,0.20638,78222.26,0.216566,Late NYC,1,,
2026-05-03T05:45:50.659961+00:00,full,FLAT,N/A,0.0067,0,BLOCKED,0.0,0,HAKAI,0.95,0.203517,78201.71,0.222976,Asia,2,,
2026-05-03T05:47:08.012844+00:00,full,FLAT,N/A,0.0067,0,BLOCKED,0.0,0,HAKAI,0.95,0.203517,78201.71,0.222945,Asia,0,,
2026-05-03T18:22:58.489372+00:00,full,FLAT,N/A,-0.049,6,BLOCKED,0.0,0,HAKAI,0.95,0.202184,78667.2,0.217523,NYC,1,,
2026-05-04T01:55:45.325227+00:00,full,FLAT,N/A,-0.04,25,BLOCKED,0.155,0,HAKAI,0.95,0.208585,79186.88,0.214418,Asia,4,,
2026-05-04T03:50:03.158615+00:00,full,FLAT,N/A,-0.0459,13,BLOCKED,0.0,0,HAKAI,0.95,0.213544,80110.12,0.811161,Asia,0,,
2026-05-04T04:38:42.499140+00:00,full,FLAT,N/A,-0.172,22,BLOCKED,0.0,0,HAKAI,0.95,0.217088,80352.86,1.58237,Asia,3,,
2026-05-04T16:19:06.880775+00:00,full,FLAT,N/A,0.0332,20,BLOCKED,0.0,0,HAKAI,0.95,0.208452,79778.81,0.548122,NYC,3,,
